<record><leader>00000cas a2200000 a 4500</leader><controlfield tag="001">36852983</controlfield><controlfield tag="008">970505d19uu1931orudn ne      0    0fin c</controlfield><datafield ind1=" " ind2=" " tag="010"><subfield code="a">sn 96088005 </subfield></datafield><datafield ind1=" " ind2=" " tag="040"><subfield code="a">OCN</subfield><subfield code="b">eng</subfield><subfield code="c">OCN</subfield><subfield code="d">OCL</subfield><subfield code="d">OCLCQ</subfield><subfield code="d">OCLCF</subfield><subfield code="d">OCLCO</subfield></datafield><datafield ind1="1" ind2=" " tag="029"><subfield code="a">AU@</subfield><subfield code="b">000013249737</subfield></datafield><datafield ind1="1" ind2=" " tag="041"><subfield code="a">fin</subfield><subfield code="h">eng</subfield></datafield><datafield ind1=" " ind2=" " tag="042"><subfield code="a">pcc</subfield></datafield><datafield ind1=" " ind2=" " tag="043"><subfield code="a">n-usp--</subfield><subfield code="a">n-us-or</subfield></datafield><datafield ind1="0" ind2="0" tag="245"><subfield code="a">Toveri.</subfield></datafield><datafield ind1="1" ind2=" " tag="246"><subfield code="i">Issues through Jan. 22, 1917 have parallel title in English:</subfield><subfield code="a">Daily comrade</subfield></datafield><datafield ind1="1" ind2=" " tag="246"><subfield code="i">Issues for Jan. 23, 1917-&lt;Feb. 28, 1931&gt; have parallel title in English:</subfield><subfield code="a">Comrade</subfield></datafield><datafield ind1=" " ind2=" " tag="260"><subfield code="a">Astoria, Or. :</subfield><subfield code="b">Western Workmen's Pub. Co.</subfield></datafield><datafield ind1=" " ind2=" " tag="300"><subfield code="a">v.</subfield></datafield><datafield ind1=" " ind2=" " tag="310"><subfield code="a">Daily (except Sun.),</subfield><subfield code="b">June 4, 1917-&lt;Feb. 28, 1931&gt;</subfield></datafield><datafield ind1=" " ind2=" " tag="321"><subfield code="a">Daily (except Mon.),</subfield><subfield code="b">&lt;Jan. 12, 1916&gt;-June 2, 1917</subfield></datafield><datafield ind1="1" ind2=" " tag="362"><subfield code="a">Ceased Feb. 28, 1931.</subfield></datafield><datafield ind1=" " ind2=" " tag="546"><subfield code="a">Text in English and Finnish, Oct. 8, 1917-Nov. 10, 1917.</subfield></datafield><datafield ind1=" " ind2=" " tag="588"><subfield code="a">Description based on: Vuosik yhdeksa&#776;s vuosik, no. 9 (Jan. 12, 1916).</subfield></datafield><datafield ind1=" " ind2="0" tag="650"><subfield code="a">Finnish-American newspapers.</subfield></datafield><datafield ind1=" " ind2="0" tag="650"><subfield code="a">Finnish Americans</subfield><subfield code="z">West (U.S.)</subfield><subfield code="v">Newspapers.</subfield></datafield><datafield ind1=" " ind2="0" tag="650"><subfield code="a">Finnish American communists</subfield><subfield code="z">West (U.S.)</subfield><subfield code="v">Newspapers.</subfield></datafield><datafield ind1=" " ind2="0" tag="651"><subfield code="a">Astoria (Or.)</subfield><subfield code="v">Newspapers.</subfield></datafield><datafield ind1=" " ind2="7" tag="655"><subfield code="a">Newspapers.</subfield><subfield code="2">fast</subfield><subfield code="0">(OCoLC)fst01423814</subfield></datafield><datafield ind1=" " ind2="7" tag="650"><subfield code="a">Finnish American communists.</subfield><subfield code="2">fast</subfield><subfield code="0">(OCoLC)fst00924929</subfield></datafield><datafield ind1=" " ind2="7" tag="650"><subfield code="a">Finnish-American newspapers.</subfield><subfield code="2">fast</subfield><subfield code="0">(OCoLC)fst00925101</subfield></datafield><datafield ind1=" " ind2="7" tag="650"><subfield code="a">Finnish Americans.</subfield><subfield code="2">fast</subfield><subfield code="0">(OCoLC)fst00924936</subfield></datafield><datafield ind1=" " ind2="7" tag="651"><subfield code="a">Oregon</subfield><subfield code="z">Astoria.</subfield><subfield code="2">fast</subfield><subfield code="0">(OCoLC)fst01217113</subfield></datafield><datafield ind1=" " ind2="7" tag="651"><subfield code="a">United States, West.</subfield><subfield code="2">fast</subfield><subfield code="0">(OCoLC)fst01243255</subfield></datafield><datafield ind1=" " ind2=" " tag="752"><subfield code="a">United States</subfield><subfield code="b">Oregon</subfield><subfield code="c">Clatsop</subfield><subfield code="d">Astoria.</subfield></datafield></record>